<?xml version='1.0' encoding='UTF-8'?>
<record xmlns="http://www.loc.gov/MARC21/slim">
  <leader>01111cam a2200301I  4500</leader>
  <controlfield tag="001">6412004</controlfield>
  <controlfield tag="003">NjP</controlfield>
  <controlfield tag="005">20170518135630.0</controlfield>
  <controlfield tag="008">110211q19501959sy            000 0 ara  </controlfield>
  <datafield tag="024" ind1="7" ind2=" ">
    <subfield code="a">princeton_aco002329</subfield>
    <subfield code="2">local</subfield>
  </datafield>
  <datafield ind1=" " ind2=" " tag="035">
    <subfield code="a">(OCoLC)ocn701491761</subfield>
  </datafield>
  <datafield ind1=" " ind2=" " tag="040">
    <subfield code="a">PUL</subfield>
    <subfield code="c">PUL</subfield>
    <subfield code="d">PUL</subfield>
  </datafield>
  <datafield ind1=" " ind2=" " tag="066">
    <subfield code="c">(3</subfield>
  </datafield>
  <datafield ind1=" " ind2=" " tag="035">
    <subfield code="a">(OCoLC)701491761</subfield>
  </datafield>
  <datafield ind1=" " ind2=" " tag="049">
    <subfield code="a">PULL</subfield>
  </datafield>
  <datafield ind1=" " ind2=" " tag="090">
    <subfield code="a">DS63.7</subfield>
    <subfield code="b">.M8 1950</subfield>
  </datafield>
  <datafield ind1="1" ind2=" " tag="100">
    <subfield code="6">880-01</subfield>
    <subfield code="a">Mubārak, Muḥammad.</subfield>
  </datafield>
  <datafield ind1="1" ind2="3" tag="245">
    <subfield code="6">880-02</subfield>
    <subfield code="a">al-Ummah wa-al-ʻawāmil al-mukawwinah lahā /</subfield>
    <subfield code="c">[taʾlīf] Muḥammad al-Mubārak.</subfield>
  </datafield>
  <datafield ind1=" " ind2=" " tag="260">
    <subfield code="6">880-03</subfield>
    <subfield code="a">Dimashq,</subfield>
    <subfield code="b">Dār al-Fikr ;</subfield>
    <subfield code="c">[195-]</subfield>
  </datafield>
  <datafield ind1=" " ind2=" " tag="300">
    <subfield code="a">95 p. ;</subfield>
    <subfield code="c">25 cm.</subfield>
  </datafield>
  <datafield ind1="1" ind2=" " tag="490">
    <subfield code="6">880-04</subfield>
    <subfield code="a">Mujtamaʻ al-ʻArabī,</subfield>
    <subfield code="v">1</subfield>
  </datafield>
  <datafield ind1=" " ind2="0" tag="650">
    <subfield code="a">Panarabism.</subfield>
  </datafield>
  <datafield ind1=" " ind2="0" tag="830">
    <subfield code="6">880-05</subfield>
    <subfield code="a">Mujtamaʻ al-ʻArabī ;</subfield>
    <subfield code="v">1.</subfield>
  </datafield>
  <datafield ind1="1" ind2=" " tag="880">
    <subfield code="6">100-01/(3/r</subfield>
    <subfield code="a">مبارك، محمد.</subfield>
  </datafield>
  <datafield ind1="1" ind2="2" tag="880">
    <subfield code="6">245-02/(3/r</subfield>
    <subfield code="a">الامة والعوامل المكونة لها /</subfield>
    <subfield code="c">[تأليف] محمد المبارك.</subfield>
  </datafield>
  <datafield ind1=" " ind2=" " tag="880">
    <subfield code="6">260-03/(3/r</subfield>
    <subfield code="a">دمشق :</subfield>
    <subfield code="b">دار الفكر،</subfield>
    <subfield code="c">[-195]</subfield>
  </datafield>
  <datafield ind1="1" ind2=" " tag="880">
    <subfield code="6">490-04/(3/r</subfield>
    <subfield code="a">مجتمع العربي ؛</subfield>
    <subfield code="v">1</subfield>
  </datafield>
  <datafield ind1=" " ind2="0" tag="880">
    <subfield code="6">830-05/(3/r</subfield>
    <subfield code="a">مجتمع العربي ؛ ;</subfield>
    <subfield code="v">1.</subfield>
  </datafield>
  <datafield ind1=" " ind2=" " tag="994">
    <subfield code="a">C0</subfield>
    <subfield code="b">PUL</subfield>
  </datafield>
  <datafield ind1=" " ind2=" " tag="902">
    <subfield code="a">jab</subfield>
    <subfield code="b">r</subfield>
    <subfield code="6">a</subfield>
    <subfield code="7">m</subfield>
    <subfield code="d">v</subfield>
    <subfield code="f">0</subfield>
    <subfield code="e">20110211</subfield>
  </datafield>
  <datafield ind1="0" ind2=" " tag="852">
    <subfield code="0">6397326</subfield>
    <subfield code="b">nec</subfield>
    <subfield code="h">DS63.7</subfield>
    <subfield code="i">.M8 1950z</subfield>
  </datafield>
  <datafield ind1=" " ind2=" " tag="959">
    <subfield code="a">2011-02-11 09:56:29 -0400</subfield>
  </datafield>
</record>
